<?xml version="1.0" encoding="UTF-8"?><collection xmlns="http://www.loc.gov/MARC21/slim"><record><leader>00579nam--2200217-u-4500</leader><controlfield tag="001">000050349</controlfield><controlfield tag="002">20161230</controlfield><controlfield tag="003">81640</controlfield><controlfield tag="005">20161230201048</controlfield><controlfield tag="008">070112s1000------------r-----000-0-eng-d</controlfield><datafield ind1=" " ind2=" " tag="020"><subfield code="a">981-02-4688-9 (pbk)</subfield></datafield><datafield ind1=" " ind2=" " tag="040"><subfield code="a">IFIN-HH</subfield></datafield><datafield ind1=" " ind2=" " tag="041"><subfield code="a">eng</subfield></datafield><datafield ind1=" " ind2=" " tag="080"><subfield code="a">530.1</subfield></datafield><datafield ind1="1" ind2=" " tag="100"><subfield code="a">Bell,M.,Gottfried,K. and Veltman,M.(eds.)</subfield></datafield><datafield ind1="1" ind2="0" tag="245"><subfield code="a">John S.Bell on The foundations of Quantum Mechanics</subfield></datafield><datafield ind1=" " ind2=" " tag="260"><subfield code="a">Singapore</subfield><subfield code="b">World Scientific</subfield><subfield code="c">2001</subfield></datafield><datafield ind1=" " ind2=" " tag="300"><subfield code="a">239 p</subfield></datafield><datafield ind1=" " ind2="4" tag="650"><subfield code="a">Einstein-Podolski-Rosen Experiment</subfield></datafield><datafield ind1=" " ind2=" " tag="852"><subfield code="c">530.14</subfield></datafield><datafield ind1=" " ind2=" " tag="CAT"><subfield code="a">Sys</subfield><subfield code="c">20070112</subfield><subfield code="h">094435</subfield></datafield></record></collection>